<record><leader>00000cas a2200000 a 4500</leader><controlfield tag="001">30055481</controlfield><controlfield tag="008">940330d19291945caudr ne      0   a0eng c</controlfield><datafield ind1=" " ind2=" " tag="010"><subfield code="a">sn 94051013 </subfield></datafield><datafield ind1=" " ind2=" " tag="040"><subfield code="a">CNK</subfield><subfield code="b">eng</subfield><subfield code="c">CNK</subfield><subfield code="d">NSD</subfield><subfield code="d">CNK</subfield><subfield code="d">OCLCQ</subfield><subfield code="d">OCLCF</subfield><subfield code="d">OCLCO</subfield></datafield><datafield ind1="1" ind2=" " tag="022"><subfield code="a">1087-3074</subfield><subfield code="l">1087-3074</subfield><subfield code="2">1</subfield></datafield><datafield ind1="1" ind2=" " tag="029"><subfield code="a">AU@</subfield><subfield code="b">000010928989</subfield></datafield><datafield ind1=" " ind2=" " tag="042"><subfield code="a">pcc</subfield><subfield code="a">nsdp</subfield></datafield><datafield ind1=" " ind2=" " tag="043"><subfield code="a">n-us-ca</subfield></datafield><datafield ind1=" " ind2="4" tag="222"><subfield code="a">The Pasadena post</subfield></datafield><datafield ind1="0" ind2="4" tag="245"><subfield code="a">The Pasadena post.</subfield></datafield><datafield ind1="1" ind2=" " tag="246"><subfield code="i">Published as:</subfield><subfield code="a">Pasadena post and Pasadena star-news</subfield><subfield code="f">Mar. 1-Apr. 14, 1932</subfield></datafield><datafield ind1="1" ind2="3" tag="246"><subfield code="a">Pasadena evening post</subfield><subfield code="f">&lt;Feb. 1, 1929&gt;-Mar. 5, 1929</subfield></datafield><datafield ind1=" " ind2=" " tag="260"><subfield code="a">Pasadena, Calif. :</subfield><subfield code="b">Pasadena Star-News Pub. Co.</subfield></datafield><datafield ind1=" " ind2=" " tag="300"><subfield code="a">v.</subfield></datafield><datafield ind1=" " ind2=" " tag="310"><subfield code="a">Daily</subfield></datafield><datafield ind1="1" ind2=" " tag="362"><subfield code="a">Began in 1929.</subfield></datafield><datafield ind1="0" ind2=" " tag="362"><subfield code="a">-Mar. 31, 1945.</subfield></datafield><datafield ind1=" " ind2=" " tag="530"><subfield code="a">Master negatives are available for duplication from:</subfield><subfield code="b">California Newspaper Microfilm Archive;</subfield><subfield code="c">positive copies may be purchased by the reel; for further information consult the CNMA at:</subfield><subfield code="u">http://cbsr.ucr.edu</subfield></datafield><datafield ind1=" " ind2=" " tag="580"><subfield code="a">Evening ed.: Pasadena star-news.</subfield></datafield><datafield ind1=" " ind2=" " tag="588"><subfield code="a">Description based on: Vol. 10, no. 132 (Feb. 1, 1929.).</subfield></datafield><datafield ind1=" " ind2="0" tag="651"><subfield code="a">Pasadena (Calif.)</subfield><subfield code="v">Newspapers.</subfield></datafield><datafield ind1=" " ind2="7" tag="655"><subfield code="a">Newspapers.</subfield><subfield code="2">fast</subfield><subfield code="0">(OCoLC)fst01423814</subfield></datafield><datafield ind1=" " ind2="7" tag="651"><subfield code="a">California</subfield><subfield code="z">Pasadena.</subfield><subfield code="2">fast</subfield><subfield code="0">(OCoLC)fst01204693</subfield></datafield><datafield ind1=" " ind2=" " tag="752"><subfield code="a">United States</subfield><subfield code="b">California</subfield><subfield code="c">Los Angeles</subfield><subfield code="d">Pasadena.</subfield></datafield><datafield ind1="0" ind2="0" tag="780"><subfield code="t">Pasadena evening post</subfield><subfield code="w">(DLC)sn 95061880</subfield></datafield><datafield ind1="0" ind2="5" tag="780"><subfield code="t">Pasadena post and Pasadena star-news</subfield><subfield code="w">(DLC)sn 95061931</subfield></datafield><datafield ind1="0" ind2="7" tag="785"><subfield code="t">Pasadena star-news (Pasadena, Calif. : 1916)</subfield><subfield code="x">1069-2827</subfield><subfield code="w">(DLC)sn 86064477</subfield></datafield><datafield ind1="0" ind2="7" tag="785"><subfield code="t">Pasadena star-news and Pasadena post</subfield><subfield code="x">1087-3082</subfield><subfield code="w">(DLC)sn 82014994</subfield></datafield></record>